# Generator: https://truben.no/latex/bibtex/#
@ONLINE {iso25010,
    author  = "ISO 2500",
    title   = "ISO/IEC 25010",
    url     = "https://iso25000.com/index.php/en/iso-25000-standards/iso-25010?limit=3\&limitstart=0",
    urldate = {2019-03-06} 
}